%% -*- coding:utf-8 -*-

@book{Bloomfield33a,
	Address = {London},
	Author = {Leonard Bloomfield},
	Publisher = {George Allen and Unwin},
	Title = {Language},
	Year = {1933}}

@article{MZ85a,
	Author = {Maling, Joan and Zaenen, Annie},
	Journal = {Nordic Journal of Linguistics},
	Number = {2},
	Pages = {197--209},
	Title = {Preposition-Stranding and Passive},
	Volume = {8},
	Year = {1985}}


@article{MuellerOA,
	Author = {M{\"u}ller, Stefan},
	Journal = {Journal of Language Modelling},
	Number = 1,
	Optissn = {not known yet},
	Pages = {9--39},
	Title = {A Personal Note on Open Access in Linguistics},
	Url = {http://hpsg.fu-berlin.de/~stefan/Pub/oa-jlm.html},
	Url_Checked = {01.11.2013},
	Volume = 0,
	Year = {2012}}


@book{Saussure16a,
	Author = {{Ferdinand de} Saussure},
	Editor = {Charles Bally and Albert Sechehaye},
	Publisher = {Payot},
	Series = {Biblioth{\`e}que Scientifique Payot},
	Title = {Cours de linguistique g{\'e}n{\'e}rale},
	Year = {1916}}
