@STRING{academicpress={Academic Press} }
@STRING{AcadPressAddress  = {Boston, New York, Orlando, San Diego, Sydney, Tokyo, London}}
@STRING{acadpressaddress={New York, et al.} }


@STRING{acl	= "Association for Computational Linguistics" }
@STRING{aix	= {Aix-en-Provence} }
@STRING{amherst	= {Amherst, MA} }
@STRING{amsterdam={Amsterdam} }
@STRING{amsterdamphiladelphia={Amsterdam/Philadelphia} }
@STRING{athens	= {Athens} }
@STRING{barcelona={Barcelona} }
@STRING{bbs={The Behavioral and Brain Sciences} }
@STRING{benjamins={John Benjamins Publishing Co.} }
@STRING{berlin	= {Berlin} }
@STRING{berlinnewyork={Berlin/New York, NY} }
@STRING{berlinheidelbergnewyork={Berlin/Heidelberg/New York, NY} }
@STRING{bgdsl	= "Beitr{\"a}ge zur Geschichte der deutschen Sprache und Literatur" }
@STRING{bls	= "Berkeley Linguistic Society" }
@STRING{cls	= "Chicago Linguistic Society" }
@STRING{boston	= {Boston, MA} }

@STRING{lncs	= "Lecture Notes in Computer Science" }

% Verlage:
@STRING{buske	= {Helmut Buske Verlag} }
@STRING{blackwell= {Blackwell Publishing Ltd} }
@STRING{cambridgeuk={Cambridge, UK} }
@STRING{cambridgeusa={Cambridge, MA} }
@STRING{camup	= {Cambridge University Press} }
@STRING{chicago	= {Chicago, IL} }
@STRING{chicagolondon={Chicago, IL/London} }
@STRING{chiup	= {Chicago University Press} }
@STRING{ucp	= {The University of Chicago Press} }
@STRING{cl	= "Computational Linguistics" }
@STRING{cogsciedinburgh={Centre for Cognitive Science, University of Edinburgh} }
@STRING{columbusoh={Columbus, OH} }
@STRING{csli	= "Center for the Study of Language and Information" }
@STRING{cslip	= "CSLI Publications" }
@STRING{daf	= "Deutsch als Fremdsprache" }
@STRING{dordrecht={Dordrecht} }
@STRING{drlav	= "Documentation et Recherche en Linguistique Allemande Contemporaine" }
@STRING{ds	= "Deutsche Sprache" }
@STRING{dublin	= {Dublin} }
@STRING{duesseldorf={D\"usseldorf} }
@STRING{edinburgh={Edinburgh} }
@STRING{edinburghamsterdam={Edinburgh and Amsterdam} }
@string{Elsevier = {Elsevier}}
@STRING{englewoodcliffs={Englewood Cliffs, NJ} }
@STRING{erlbaum={Lawrence Erlbaum Associates, Publishers} }
@STRING{foris	= {Foris Publications} }
@STRING{frankfurt={Frankfurt~a.\,M.} }
@STRING{gagl	= "Groninger Arbeiten zur Germanistischen Linguistik" }
@STRING{goettingen={G\"ottingen} }
@STRING{groningen={Groningen} }
@STRING{hague	= {The Hague} }
@STRING{hamburg	= {Hamburg} }
@STRING{heidelberg={Heidelberg} }
@STRING{holtrinehartwinston={Holt, Rinehart and Winston, Inc.} }
@STRING{ijal	= "International Journal of American Linguistics" }
@STRING{jcgl	= "Journal of Comparative Germanic Linguistics" }
@STRING{jgl	= "Journal of Germanic Linguistics" }
@STRING{jl	= "Journal of Linguistics" }
@STRING{jp	= "Journal of Philosophy" }
@STRING{karlsruhe={Karlsruhe} }
@STRING{kbgl	= "Kopenhagener Beitr{\"a}ge zur germanistischen Linguistik" }
@STRING{kluwer	= {Kluwer Academic Publishers} }
@STRING{koeln	= {K\"oln} }
@STRING{kyoto	= {Kyoto} }
@STRING{la	= "Linguistische Arbeiten" }
@STRING{lb	= "Linguistische Berichte" }
@STRING{leipzig	= {Leipzig} }
@STRING{leuven	= {Leuven} }
@STRING{LFAB	= {Language Faculty and Beyond}},

@STRING{li	= "Linguistic Inquiry" }
@STRING{lnai	= "Lecture Notes in Artificial Intelligence" }
@STRING{london	= {London} }
@STRING{londonnewyork={London and New York, NY} }
@STRING{lp	= "Linguistics and Philosophy" }
@STRING{madrid	= {Madrid} }
@STRING{manchester={Manchester} }
@STRING{mannheim= {Mannheim} }
@STRING{marseille={Marseille} }
@STRING{mitpress= {MIT Press} }
@STRING{mitwpl	= "MIT Working Papers in Linguistics" }
@STRING{mouton	= {Mouton} }
@STRING{zs	= {Zeitschrift f{\"u}r Sprachwissenschaft} }

% Mouton was based in The Hague
@STRING{moutondegruyter={Mouton de Gruyter} }
@STRING{degruyter={de Gruyter} }
@STRING{lsp={Language Science Press} }
@STRING{muenster= {M\"unster} }
@STRING{nantes	= {Nantes} }
@STRING{narr	= "Gunter Narr Verlag" }
@STRING{narr	= {Gunter Narr Verlag} }
@STRING{narrstauffenburg	= {\original Gunter Narr Verlag \jetzt Stauffenburg Verlag}},
@STRING{stauffenburg	= {Stauffenburg Verlag}},
@STRING{schwann	= {P\"adagogischer Verlag Schwann}},
@STRING{newyork	= {New York, NY} }
@STRING{niemeyer= {Max Niemeyer Verlag} }
@STRING{nllt	= "Natural Language and Linguistic Theory" }
@STRING{opladen	= {Opladen} }
@STRING{osuwpl	= "{OSU Working Papers in Linguistics}" }
@STRING{oup	= {Oxford University Press} }
@STRING{oxford	= {Oxford} }
@STRING{passau	= {Passau} }
@STRING{philadelphia={Philadelphia, PA} }

% The mother company based in Berlin/New York
@STRING{prenticehall={Prentice-Hall} }
@STRING{pzl	= "Papiere zur Linguistik" }
@STRING{reidel	= {Reidel} }
@STRING{routledge={Routledge} }
@STRING{wiley   = {John Wiley \& Sons, Inc.} }

% New York
@STRING{saarbruecken={Saarbr\"ucken} }
@STRING{sandiego= {San Diego, CA} }
@STRING{sanfrancisco={San Francisco, CA} }
@STRING{santacruz={Santa Cruz, CA} }
@STRING{sil	= "Studies in Language" }
@STRING{sla	= "Stanford Linguistics Association" }
@STRING{springer= {Springer Verlag} }
@STRING{stanford= {Stanford, CA} }
@STRING{stauffenburg	= {Stauffenburg}},
@STRING{stuf = {Sprachtypologie und Universalienforschung}}
@STRING{stuttgart={Stuttgart} }
@STRING{sydney	= {Syndey} }
@STRING{tlr={The Linguistic Review} }
@STRING{tuebingen={T\"u\-bing\-en} }
@STRING{umass	= {University of Massachusetts} }
@STRING{unik	= {Universit\"at K\"oln} }
@STRING{unis	= {Universit\"at Stuttgart} }
@STRING{unisb	= {Universit\"at des Saarlandes} }
@STRING{lalt	= {Linguistik Aktuell/Linguistics Today}}

% Schools:
@STRING{unitue	= {Universit\"at T\"ubingen} }
@STRING{utrecht	= {Utrecht} }

% Mouton is now part of Walter de Gruyter (Berlin/New York)
@STRING{walterdegruyter={Walter de Gruyter} }
@STRING{waltham	= {Waltham, MA} }
@STRING{wccfl	= "West Coast Conference on Formal Linguistics" }
@STRING{westdeutscher={Westdeutscher Verlag} }
@STRING{wuppertal={Wuppertal} }
@STRING{ww	= "Wirkendes Wort" }
@STRING{zas	= "Zentrum f{\"u}r Allgemeine Sprachwissenschaft, Typologie und
		  Universalienforschung" }
@STRING{zgl	= "Zeitschrift f{\"u}r Germanistische Linguistik" }
@STRING{zpsk	= "Zeitschrift f{\"u}r Phonetik, Sprachwissenschaft und Kommunikationsforschung" }
@STRING{zsw	= "Zeitschrift f{\"u}r Sprachwissenschaft" }


@article{Bech63,
	Author = {Gunnar Bech},
	Journal = {Lingua},
	Pages = {291--299},
	Title = {{Grammatische Gesetze im Widerspruch}},
	Volume = {12},
	Year = {1963}}



@incollection{CM63a,
	Author = {Noam Chomsky and George A. Miller},
	Booktitle = {Handbook of Mathematical Psychology},
	Crossref = {LBG63a-ed},
	Pages = {269--321},
	Title = {Introduction to the Formal Analysis of Natural Languages},
	Volume = {2}}


@book{LBG63a-ed,
	Address = {New York},
	Editor = {R. Duncan Luce and Robert R. Bush and Eugene Galanter},
	Publisher = wiley,
	Title = {Handbook of Mathematical Psychology},
	Year = {1963}}



@article{Hockett60a,
	Author = {Hockett, Charles F.},
	Journal = {Scientific American},
	Pages = {88--96},
	Title = {The Origin of Speech},
	Volume = {203},
	Year = {1960}}


@book{Paul1916a,
	Address = {Halle an der Saale},
	Author = {Hermann Paul},
	Publisher = Niemeyer,
	Title = {{Deutsche Grammatik. Teil I: Geschichtliche Einleitung, Teil II: Lautlehre}},
	Volume = {1},
	Year = {1916}}


@book{Erdmann1886a,
	Address = {Stuttgart},
	Author = {Oskar Erdmann},
	Publisher = {Verlag der J. G. Cotta'schen Buchhandlung},
	Title = {{Grundz{\"u}ge der deutschen Syntax nach ihrer geschichtlichen Entwicklung}},
	Volume = {1},
	Year = {1886}}



@book{Jespersen1909-u,
	Address = {London},
	Author = {Otto Jespersen},
	Publisher = {George Allen \& Unwin},
	Title = {A Modern English Grammar},
	Year = {1909--1949}}



@book{Jespersen1924a-u,
	Address = chicagolondon,
	Author = {Otto Jespersen},
	Edition = {2},
	Publisher = ucp,
	Title = {The Philosophy of Grammar},
	Year = {1924}}



@book{Wackernagel1892-u,
	Address = {G{\"o}ttingen},
	Author = {J. Wackernagel},
	Publisher = {Vandenhoesch und Ruprecht},
	Title = {{{\"U}ber ein Gesetz der indogermanischen Wortstellung}},
	Volume = {1},
	Year = {1892}}
